<record><leader>00000cas a22000007a 4500</leader><controlfield tag="001">17899949</controlfield><controlfield tag="008">880505c19209999ohumn ne      0    0eng d</controlfield><datafield ind1=" " ind2=" " tag="010"><subfield code="a">sn 88078460 </subfield></datafield><datafield ind1=" " ind2=" " tag="040"><subfield code="a">ONP</subfield><subfield code="b">eng</subfield><subfield code="c">ONP</subfield><subfield code="d">OCLCQ</subfield></datafield><datafield ind1=" " ind2=" " tag="042"><subfield code="a">msc</subfield></datafield><datafield ind1="0" ind2="0" tag="245"><subfield code="a">Stark Jewish news.</subfield></datafield><datafield ind1=" " ind2=" " tag="260"><subfield code="a">Canton, Ohio :</subfield><subfield code="b">Leonard J. Leopold</subfield></datafield><datafield ind1=" " ind2=" " tag="300"><subfield code="a">v.</subfield></datafield><datafield ind1=" " ind2=" " tag="310"><subfield code="a">Monthly (except bimonthly, July and Aug.),</subfield><subfield code="b">&lt;June 1990&gt;-</subfield></datafield><datafield ind1=" " ind2=" " tag="321"><subfield code="a">Five times a year,</subfield><subfield code="b">Nov. 1980-</subfield></datafield><datafield ind1=" " ind2=" " tag="321"><subfield code="a">Monthly,</subfield><subfield code="b">&lt;1920&gt;-Sept. 1980</subfield></datafield><datafield ind1="1" ind2=" " tag="362"><subfield code="a">Began in 1920.</subfield></datafield><datafield ind1=" " ind2=" " tag="588"><subfield code="a">Description based on: Vol. 47, no. 1 (Oct 2, 1967).</subfield></datafield><datafield ind1=" " ind2=" " tag="752"><subfield code="a">United States</subfield><subfield code="b">Ohio</subfield><subfield code="c">Stark</subfield><subfield code="d">Canton.</subfield></datafield></record>